%----- ARTICLES -----%
% 01_article - 
@article{art_08_protein_amino,
  title={Protein content and amino acid composition of commercially available plant-based protein isolates},
  author={Gorissen, Stefan HM and Crombag, Julie JR and Senden, Joan MG and Waterval, WA Huub and Bierau, J{\"o}rgen and Verdijk, Lex B and Van Loon, Luc JC},
  journal={Amino acids},
  volume={50},
  number={12},
  pages={1685--1695},
  year={2018},
  publisher={Springer}
}

% 02_article - 
@article{art_09_potato_protein,
  title={Amino Acid Composition of Enzymatic ally Hydrolysed Potato Protein Preparations.},
  author={P{\k{e}}ksA, Anna and MiedziAnkA, Joanna},
  journal={Czech Journal of Food Sciences},
  volume={32},
  number={3},
  year={2014}
}

% 03_article -
@article{art_10_hemp_aa,
  title={A comparative study of nutrient compositions, phytochemicals, and antioxidant activities of two dehulled hemp seed cultivars harvested from different regions in the Republic of Korea},
  author={Hwang, Hee-Young and Truong, Van-Long and Jeong, Woo-Sik},
  journal={Food Bioscience},
  volume={64},
  pages={105752},
  year={2025},
  publisher={Elsevier}
}

% 04_article -
@article{art_12_df_oats_01,
  title={Characterisation of dietary fibre components in cereals and legumes used in Serbian diet},
  author={Dodevska, Margarita S and Djordjevic, Brizita I and Sobajic, Sladjana S and Miletic, Ivanka D and Djordjevic, Predrag B and Dimitrijevic-Sreckovic, Vesna S},
  journal={Food Chemistry},
  volume={141},
  number={3},
  pages={1624--1629},
  year={2013},
  publisher={Elsevier}
}

% 05_article -
@article{art_13_df_oats_02,
  title={Digestion of polysaccharides and other major components in the small and large intestine of pigs fed on diets consisting of oat fractions rich in $\beta$-D-glucan},
  author={Knudsen, Knud Erik Bach and Jensen, Bent Borg and Hansen, Inge},
  journal={British journal of nutrition},
  volume={70},
  number={2},
  pages={537--556},
  year={1993},
  publisher={Cambridge University Press}
}

% 06_article -
@article{art_14_df_hemp,
  title={Hemp seed-based foods and processing by-products are sustainable rich sources of nutrients and plant metabolites supporting dietary biodiversity, health, and nutritional needs},
  author={Ramos-Sanchez, Ricardo and Hayward, Nicholas J and Henderson, Donna and Duncan, Gary J and Russell, Wendy R and Duncan, Sylvia H and Neacsu, Madalina},
  journal={Foods},
  volume={14},
  number={5},
  pages={875},
  year={2025},
  publisher={MDPI}
}

% 07_article -
@article{art_15_df_research,
  title={Date palm fruits as a potential source of functional dietary fiber: A review},
  author={Mrabet, Abdessalem and Hammadi, Hamza and Rodr{\'\i}guez-Guti{\'e}rrez, Guillermo and Jim{\'e}nez-Araujo, Ana and Sindic, Marianne},
  journal={Food Science and Technology Research},
  volume={25},
  number={1},
  pages={1--10},
  year={2019},
  publisher={Japanese Society for Food Science and Technology}
}

% 08_article -
@misc{art_16,
  author       = {{European Parliament and Council of the European Union}},
  title        = {Regulation (EC) No 1924/2006 of the European Parliament and of the Council of 20 December 2006 on nutrition and health claims made on foods},
  year         = {2006},
  howpublished = {Official Journal of the European Union, L 404, pp. 9--25},
  url          = {https://eur-lex.europa.eu/legal-content/EN/TXT/?uri=celex:32006R1924}
}

% 09_article -
@misc{art_17,
  author       = {{European Parliament and Council of the European Union}},
  title        = {Regulation (EU) No 1169/2011 of the European Parliament and of the Council of 25 October 2011 on the provision of food information to consumers, amending Regulations (EC) No 1924/2006 and (EC) No 1925/2006 of the European Parliament and of the Council, and repealing Commission Directive 87/250/EEC, Council Directive 90/496/EEC, Commission Directive 1999/10/EC, Directive 2000/13/EC of the European Parliament and of the Council, Commission Directives 2002/67/EC and 2008/5/EC and Commission Regulation (EC) No 608/2004},
  year         = {2011},
  howpublished = {Official Journal of the European Union, L 304, pp. 18--63},
  url          = {https://eur-lex.europa.eu/legal-content/EN/TXT/?uri=CELEX:32011R1169}
}

% 10_article -
@article{art_18_valine,
  title={L-VALINE TREATMENT IMPROVES CELLULAR MITOCHONDRIAL FUNCTION},
  author={Sharma, Shakshi and Azhar, Gohar and Zhang, Xiaomin and Wei, Jeanne},
  journal={Innovation in Aging},
  volume={7},
  number={Suppl 1},
  pages={933},
  year={2023}
}

% 11_article -
@article{art_19_valine_broiler,
  title={Valine in Broiler Diets: A Review},
  author={Abbas, R},
  journal={International Journal of Scientific Research},
  volume={3},
  number={4},
  pages={11--40},
  year={2024}
}

% 12_article -
@misc{art_20_regulation4322012,
  author       = {{European Commission}},
  title        = {Commission Regulation (EU) No 432/2012 of 16 May 2012 establishing a list of permitted health claims made on foods, other than those referring to the reduction of disease risk and to children's development and health},
  year         = {2012},
  howpublished = {Official Journal of the European Union, L 136, pp. 1--40},
  url          = {https://eur-lex.europa.eu/legal-content/EN/TXT/?uri=CELEX:32012R0432}
}

% 13_article -
@article{art_21_hemp_review,
  title={Hemp seeds (Cannabis sativa L.) as a valuable source of natural ingredients for functional foods—A review},
  author={T{\u{a}}nase Apetroaei, Virginia and Pricop, Eugenia Mihaela and Istrati, Daniela Ionela and Vizireanu, Camelia},
  journal={Molecules},
  volume={29},
  number={9},
  pages={2097},
  year={2024},
  publisher={MDPI}
}

% 14_article -
@article{art_22_efsa_fats,
  title={Scientific opinion on dietary reference values for fats, including saturated fatty acids, polyunsaturated fatty acids, monounsaturated fatty acids, trans fatty acids, and cholesterol},
  author={EFSA Panel on Dietetic Products, Nutrition, and Allergies (NDA)},
  journal={Efsa Journal},
  volume={8},
  number={3},
  pages={1461},
  year={2010},
  publisher={Wiley Online Library}
}

% 15_article -
@misc{art_23_regulation1162010,
  author       = {{European Commission}},
  title        = {Commission Regulation (EU) No 116/2010 of 9 February 2010 amending Regulation (EC) No 1924/2006 of the European Parliament and of the Council with regard to the list of nutrition claims},
  year         = {2010},
  howpublished = {Official Journal of the European Union, L 37, pp. 16--18},
  url          = {https://eur-lex.europa.eu/legal-content/EN/TXT/?uri=CELEX:32010R0116}
}

% 16_article -
@article{art_24_oat_kilning,
  title={Oat Kilning and Its Effects on Liquid Oat-Base Production},
  author={Ekelund, Sofie and Gladkauskas, Eimantas and Krause, Svenja and Sirijovski, Nick and Adlercreutz, Patrick and Rayner, Marilyn and Grey, Carl and Tullberg, Cecilia},
  journal={Foods},
  volume={13},
  number={24},
  pages={4083},
  year={2024},
  publisher={MDPI}
}


%----- SLIDES -----%
% 01_slides - 



%----- BOOKS -----%
% 01_book - Hemp_book
@book{HempBook,
  title={Industrial Hemp: Food and Nutraceutical Applications},
  author={Pojic, Milica and Tiwari, Brijesh K},
  year={2022},
  publisher={Academic Press}
}

%----- WEBSITES -----%
% 01_website -
@misc{frida_food,
  author       = {{DTU Fødevareinstituttet}},
  title        = {Fødevare ID: 59 — Havregryn, uspec. (Oats, rolled, average values)},
  howpublished = {\url{https://frida.fooddata.dk/food/59}},
  note         = {Frida fooddata.dk, National Food Institute, Technical University of Denmark},
  year         = {2025},
  urldate      = {2025-08-29}
}



%----- THE GROUP MEMBERS REFERENCES -----%
@article{Ferrari2022AnimalPlantProtein,
  author       = {Ferrari, Luca and Panaite, Silvia-Anca and Bertazzo, Alessandra and Visioli, Francesco},
  title        = {Animal- and Plant-Based Protein Sources: A Scoping Review of Human Health Outcomes and Environmental Impact},
  journaltitle = {Nutrients},
  year         = {2022},
  volume       = {14},
  number       = {23},
  pages        = {5115},
  doi          = {10.3390/nu14235115}
}

@incollection{Bjorn2017GoalDefinition,
  author       = {Bj{\o}rn, Anders and Laurent, Alexis and Owsianiak, Mikolaj and Olsen, Stig Irving and Rosenbaum, Ralph K. and Hauschild, Michael Z.},
  title        = {Goal Definition},
  booktitle    = {Life Cycle Assessment},
  publisher    = {Springer International Publishing},
  year         = {2017},
  pages        = {67--74},
  doi          = {10.1007/978-3-319-56475-3_7}
}

@article{Campiglia2020HempSeedProductionLCA,
  author       = {Campiglia, Enio and others},
  title        = {Hemp Seed Production: Environmental Impacts of \emph{Cannabis sativa} L. Agronomic Practices by Life Cycle Assessment (LCA) and Carbon Footprint Methodologies},
  journaltitle = {Sustainability},
  year         = {2020},
  volume       = {12},
  number       = {16},
  pages        = {6570},
  doi          = {10.3390/su12166570}
}

@article{Kaur2023SustainabilityIndustrialHemp,
  author       = {Kaur, Gurpreet and Kander, Rina},
  title        = {The Sustainability of Industrial Hemp: A Literature Review of Its Economic, Environmental, and Social Sustainability},
  journaltitle = {Sustainability},
  year         = {2023},
  volume       = {15},
  pages        = {6457},
  doi          = {10.3390/su15086457}
}

@article{Phillips2016ProteinBeyondRDA,
  author       = {Phillips, Stuart M. and Chevalier, Stephanie and Leidy, Heather J.},
  title        = {Protein ``Requirements'' beyond the RDA: Implications for Optimizing Health},
  journaltitle = {Applied Physiology, Nutrition, and Metabolism},
  year         = {2016},
  volume       = {41},
  pages        = {565--572}
}

@article{Richardson2023EarthBeyondBoundaries,
  author       = {Richardson, Katherine and others},
  title        = {Earth Beyond Six of Nine Planetary Boundaries},
  journaltitle = {Science Advances},
  year         = {2023},
  volume       = {9},
  pages        = {eadh2458},
  doi          = {10.1126/sciadv.adh2458}
}

@article{Willett2019EATLancet,
  author       = {Willett, Walter and Rockstr{\"o}m, Johan and Loken, Brent and Springmann, Marco and Lang, Tim and Vermeulen, Sonja and Garnett, Tara and Tilman, David and DeClerck, Fabrice and Wood, Amanda and others},
  title        = {Food in the Anthropocene: The EAT-Lancet Commission on Healthy Diets from Sustainable Food Systems},
  journaltitle = {The Lancet},
  year         = {2019},
  volume       = {393},
  number       = {10170},
  pages        = {447--492},
  doi          = {10.1016/S0140-6736(18)31788-4}
}

@article{Geirsdottir2023ProteinNNR,
  author       = {Geirsd{\'o}ttir, {\'O}l{\"o}f Gudr{\'u}n and Pajari, Anne-Maria},
  title        = {Protein -- a Scoping Review for Nordic Nutrition Recommendations 2023},
  journaltitle = {Food \& Nutrition Research},
  year         = {2023},
  volume       = {67},
  doi          = {10.29219/fnr.v67.10261},
  pmid         = {38187790},
  pmcid        = {PMC10770649}
}

@book{OECDFAO2023Outlook,
  author       = {{OECD} and {FAO}},
  title        = {OECD--FAO Agricultural Outlook 2023--2032},
  publisher    = {OECD Publishing},
  address      = {Paris},
  year         = {2023},
  doi          = {10.1787/08801ab7-en}
}

@online{ProVeg2023EvolvingAppetites,
  title        = {Evolving Appetites: An In-Depth Look at European Attitudes Towards Plant-Based Eating},
  year         = {2023},
  organization = {ProVeg International},
  url          = {https://proveg.org/report/evolving-appetites-an-in-depth-look-at-european-attitudes-towards-plant-based-eating/},
  urldate      = {2025-08-14}
}

@online{MarketUS2024PlantProteinSupplements,
  title        = {Plant-based Protein Supplements Market Size},
  year         = {2024},
  organization = {Market.us},
  url          = {https://market.us/report/plant-based-protein-supplements-market/},
  urldate      = {2025-08-15}
}

@book{McLaren2021IntegrationEnvNutritionLCA,
  author       = {McLaren, S. and Berardy, A. and Henderson, A. and Holden, N. and Huppertz, T. and Jolliet, O. and De Camillis, C. and Renouf, M. and Rugani, B. and Saarinen, M. and van der Pols, J. and V{\'a}zquez-Rowe, I. and Ant{\'o}n Vallejo, A. and Bianchi, M. and Chaudhary, A. and Chen, C. and Cooreman-Algoed, M. and Dong, H. and Grant, T. and Green, A. and Hallstr{\"o}m, Erik and Hoang, H. and Leip, A. and Lynch, J. and McAuliffe, G. and Ridoutt, B. and Saget, S. and Scherer, L. and Tuomisto, H. and Tyedmers, P. and van Zanten, H.},
  title        = {Integration of Environment and Nutrition in Life Cycle Assessment of Food Items: Opportunities and Challenges},
  publisher    = {Food and Agriculture Organization of the United Nations (FAO)},
  address      = {Rome},
  year         = {2021}
}
